<?xml version="1.0" encoding="UTF-8"?><collection xmlns="http://www.loc.gov/MARC21/slim"><record><leader>00349nam--2200121-i-4500</leader><controlfield tag="001">000005843</controlfield><controlfield tag="002">20161230</controlfield><controlfield tag="005">20161230201026</controlfield><controlfield tag="008">060222s1000------------r-----000-0-eng-d</controlfield><datafield ind1=" " ind2=" " tag="100"><subfield code="a">Bak, Borge</subfield></datafield><datafield ind1=" " ind2=" " tag="245"><subfield code="a">Elementary introduction to molecular spectra second, revised edition</subfield></datafield><datafield ind1=" " ind2=" " tag="260"><subfield code="a">Amsterdam, North-holland Publ.Co, 1962 Xi + 144 P</subfield></datafield><datafield ind1=" " ind2=" " tag="852"><subfield code="a">17274</subfield></datafield></record></collection>